<?xml version="1.0" encoding="UTF-8"?><collection xmlns="http://www.loc.gov/MARC21/slim"><record><leader>00415nam--2200145-i-4500</leader><controlfield tag="001">000000252</controlfield><controlfield tag="002">20161230</controlfield><controlfield tag="005">20170125232046</controlfield><controlfield tag="008">060222s1000------------r-----000-0-eng-d</controlfield><datafield ind1=" " ind2=" " tag="100"><subfield code="a">Fuson, Reinhold C</subfield></datafield><datafield ind1=" " ind2=" " tag="245"><subfield code="a">Reactions of organic compounds: a textbook for the advanced student</subfield></datafield><datafield ind1=" " ind2=" " tag="260"><subfield code="a">New York</subfield><subfield code="b">John Wiley &amp; Sons, Incorporation</subfield></datafield><datafield ind1=" " ind2=" " tag="300"><subfield code="a">VIII + 765 p</subfield></datafield><datafield ind1=" " ind2=" " tag="852"><subfield code="a">18475</subfield></datafield><datafield ind1=" " ind2=" " tag="CAT"><subfield code="a">SYS</subfield><subfield code="c">20170125</subfield><subfield code="h">232046</subfield></datafield></record></collection>